<?xml version='1.0' encoding='utf-8'?>
<record xmlns="http://www.loc.gov/MARC21/slim" xmlns:xsi="http://www.w3.org/2001/XMLSchema-instance">
  <leader>00000cas^a22003011^^4500</leader>
  <controlfield tag="001">003929684</controlfield>
  <controlfield tag="005">20100219142421.0</controlfield>
  <controlfield tag="006">m^^^^^^^^d^^^^^^^^</controlfield>
  <controlfield tag="007">cr^bn^---auaua</controlfield>
  <controlfield tag="008">950925d18991919pauqr^^^^^^^^^0^u0a1eng^d</controlfield>
  <datafield tag="035" ind1=" " ind2=" ">
    <subfield code="a">(RLIN)MIUG121198-S</subfield>
  </datafield>
  <datafield tag="035" ind1=" " ind2=" ">
    <subfield code="a">(CaOTULAS)160670545</subfield>
  </datafield>
  <datafield tag="035" ind1=" " ind2=" ">
    <subfield code="9">(UL)ACX1161</subfield>
  </datafield>
  <datafield tag="035" ind1=" " ind2=" ">
    <subfield code="a">(OCoLC)490950567</subfield>
  </datafield>
  <datafield tag="040" ind1=" " ind2=" ">
    <subfield code="a">DNLM</subfield>
    <subfield code="c">CSt</subfield>
    <subfield code="d">CSt</subfield>
    <subfield code="d">MiU</subfield>
    <subfield code="d">MiU-H</subfield>
  </datafield>
  <datafield tag="245" ind1="0" ind2="0">
    <subfield code="a">University homoeopathic observer.</subfield>
  </datafield>
  <datafield tag="247" ind1="1" ind2="0">
    <subfield code="a">Phials</subfield>
    <subfield code="f">v. 1</subfield>
  </datafield>
  <datafield tag="260" ind1=" " ind2=" ">
    <subfield code="a">Lancaster, Pa. [etc.]</subfield>
  </datafield>
  <datafield tag="300" ind1=" " ind2=" ">
    <subfield code="a">19 v. :</subfield>
    <subfield code="b">ill. ;</subfield>
    <subfield code="c">26 cm.</subfield>
  </datafield>
  <datafield tag="362" ind1="0" ind2=" ">
    <subfield code="a">v. 1-19, n. 1; 1899-Jan. 1919.</subfield>
  </datafield>
  <datafield tag="580" ind1=" " ind2=" ">
    <subfield code="a">Forms part of the University of Michigan. Homoeopathic Medical School. Publications, [1874-1922].</subfield>
  </datafield>
  <datafield tag="515" ind1=" " ind2=" ">
    <subfield code="a">Vol. numbers irregular: v. 9-11 incorrectly numbered 11-13; v. 12-13 omitted. Vol. 19, no. 1 called also v. 18, no. 5.</subfield>
  </datafield>
  <datafield tag="500" ind1=" " ind2=" ">
    <subfield code="a">Supervising editor: 1904- W. B. Hinsdale.</subfield>
  </datafield>
  <datafield tag="550" ind1=" " ind2=" ">
    <subfield code="a">Issued by the Homoeopathic Medical College of the University of Michigan.</subfield>
  </datafield>
  <datafield tag="538" ind1=" " ind2=" ">
    <subfield code="a">Mode of access: Internet.</subfield>
  </datafield>
  <datafield tag="650" ind1=" " ind2="0">
    <subfield code="a">Homeopathy</subfield>
    <subfield code="x">Periodicals.</subfield>
  </datafield>
  <datafield tag="700" ind1="1" ind2=" ">
    <subfield code="a">Hinsdale, W. B.</subfield>
    <subfield code="q">(Wilbert B.),</subfield>
    <subfield code="d">1851-1944.</subfield>
  </datafield>
  <datafield tag="710" ind1="2" ind2=" ">
    <subfield code="a">University of Michigan.</subfield>
    <subfield code="b">Homoeopathic Medical College.</subfield>
  </datafield>
  <datafield tag="773" ind1="1" ind2=" ">
    <subfield code="a">University of Michigan</subfield>
    <subfield code="t">Homoeopathic Medical School (University of Michigan) publications</subfield>
    <subfield code="w">BBM2622</subfield>
  </datafield>
  <datafield tag="852" ind1="8" ind2=" ">
    <subfield code="a">MiU-H</subfield>
    <subfield code="b">BENT</subfield>
    <subfield code="h">017 Bimu C101 2</subfield>
  </datafield>
  <datafield tag="998" ind1=" " ind2=" ">
    <subfield code="c">MLJ</subfield>
    <subfield code="s">9124</subfield>
  </datafield>
  <datafield tag="LKR" ind1=" " ind2=" ">
    <subfield code="a">UP</subfield>
    <subfield code="b">4227752</subfield>
    <subfield code="l">MIU01</subfield>
    <subfield code="r">773</subfield>
    <subfield code="m">University homoeopathic observer.</subfield>
    <subfield code="n">[Homoeopathic Medical School (University of Michigan) publications].</subfield>
  </datafield>
  <datafield tag="955" ind1=" " ind2=" ">
    <subfield code="b">BENT</subfield>
    <subfield code="p">39015071369998</subfield>
    <subfield code="z">v.1 (1900/1904)-v.2 (1905)</subfield>
  </datafield>
  <datafield tag="955" ind1=" " ind2=" ">
    <subfield code="b">BENT</subfield>
    <subfield code="p">39015071370004</subfield>
    <subfield code="z">v.4 (1906)</subfield>
  </datafield>
  <datafield tag="955" ind1=" " ind2=" ">
    <subfield code="b">BENT</subfield>
    <subfield code="p">39015071370012</subfield>
    <subfield code="z">v.7 (1909)</subfield>
  </datafield>
  <datafield tag="955" ind1=" " ind2=" ">
    <subfield code="b">BENT</subfield>
    <subfield code="p">39015071370020</subfield>
    <subfield code="z">v.3:no.3 (1905:July), v.4:no.2 (1906:Apr.)</subfield>
  </datafield>
  <datafield tag="955" ind1=" " ind2=" ">
    <subfield code="b">BENT</subfield>
    <subfield code="p">B1677334</subfield>
  </datafield>
</record>
